@Article{Vinogradov2016,
  author  = {В. И. Виноградов and М. В. Виноградова},
  journal = {Московский государственный технический университет
имени Н. Э. Баумана},
  title   = {Постреляционные модели баз данных и языки запросов},
  year    = {2016},
  pages   = {100},
}

@Article{Avrunev2018,
  author  = {О. Е. Аврунев and В. М. Стасышин},
  journal = {Новосибирский государственный технический университет},
  title   = {Модели баз данных},
  year    = {2018},
  pages   = {124},
}

@Article{Sciore2020,
  author  = {Э. Сьоре},
  journal = {М.: ДМК Пресс},
  title   = {Проектирование и реализация систем управления базами данных},
  year    = {2020},
  pages   = {476},
}

@misc{Ataturk2021,
  title        = "Why Plane Is The Best Transportation Vehicle",
  author       = "Ataturk Airport",
  howpublished = "\url{https://ataturkairport.com/why-plane-is-the-best-transportation-vehicle/}",
  year         = 2021,
  note         = "(Дата обращения: 20.03.2023)"
}

@misc{Coalesce,
  title        = "COALESCE (Transact-SQL)",
  author       = "Microsoft",
  howpublished = "\url{https://learn.microsoft.com/ru-ru/sql/t-sql/language-elements/coalesce-transact-sql?view=sql-server-ver16}",
  year         = 2023,
  note         = "(Дата обращения: 13.05.2023)"
}

@Article{Bekasov2023,
  author  = {Д. Е. Бекасов},
  journal = {Московский государственный технический университет им. Н. Э. Баумана},
  title   = {Конспект лекций по проектированию программного обеспечения},
  year    = {2023},
}

@misc{Stopwatch,
  title        = "Документация по .NET",
  author       = "Microsoft",
  howpublished = "\url{https://learn.microsoft.com/ru-ru/dotnet/api/system.diagnostics.stopwatch?view=net-7.0}",
  year         = 2023,
  note         = "(Дата обращения: 15.05.2023)"
}

@Article{Karpova2009,
  author  = {И. П. Карпова},
  journal = {М.},
  title   = {Базы данных. Учебное пособие},
  year    = {2009},
  pages   = {131},
}

@misc{Indices,
  title        = "Описание кластеризованных и некластеризованных индексов",
  author       = "Microsoft",
  howpublished = "\url{https://learn.microsoft.com/ru-ru/sql/relational-databases/indexes/clustered-and-nonclustered-indexes-described?view=sql-server-ver16}",
  year         = 2023,
  note         = "(Дата обращения: 15.05.2023)"
}

@misc{Statistics1,
  title        = "Ranking of the most popular database management systems worldwide, as of February 2023",
  author       = "Petroc Taylor",
  howpublished = "\url{https://www.statista.com/statistics/809750/worldwide-popularity-ranking-database-management-systems/}",
  year         = 2023,
  note         = "(Дата обращения: 10.05.2023)"
}

@misc{Statistics2,
  title        = "Knowledge Base of Relational and NoSQL Database Management Systems",
  author       = "DB-Engines Ranking",
  howpublished = "\url{https://db-engines.com/en/ranking}",
  year         = 2023,
  note         = "(Дата обращения: 10.05.2023)"
}

@Article{Gavrilova2022,
  author  = {Ю. М. Гаврилова},
  journal = {Московский государственный технический университет им. Н. Э. Баумана},
  title   = {Конспект лекций по базам данных},
  year    = {2022},
}

@misc{Aviasales,
  title        = "Поиск дешёвых авиабилетов",
  author       = "Авиасейлс",
  howpublished = "\url{https://www.aviasales.ru/}",
  year         = 2023,
  note         = "(Дата обращения: 10.05.2023)"
}

@misc{QatarAirways,
  title        = "Qatar Airways",
  author       = "Qatar Airways",
  howpublished = "\url{https://www.qatarairways.com/}",
  year         = 2023,
  note         = "(Дата обращения: 10.05.2023)"
}

@misc{Emirates,
  title        = "Emirates",
  author       = "Emirates",
  howpublished = "\url{https://www.emirates.com/}",
  year         = 2023,
  note         = "(Дата обращения: 10.05.2023)"
}

@misc{UnitedAirlines,
  title        = "United Airlines",
  author       = "United Airlines",
  howpublished = "\url{https://www.united.com/}",
  year         = 2023,
  note         = "(Дата обращения: 10.05.2023)"
}

@misc{EtihadAirways,
  title        = "Etihad Airways",
  author       = "Etihad Airways",
  howpublished = "\url{https://www.etihad.com/}",
  year         = 2023,
  note         = "(Дата обращения: 10.05.2023)"
}

@Article{Karpova2005,
  author  = {И. П. Карпова},
  journal = {Московский Государственный институт электроники и математики},
  title   = {Введение в базы данных. Учебное пособие},
  year    = {2005},
  pages   = {75},
}

@misc{Davidson2023,
  title        = "Single Page Application (SPA) vs Multi Page Application (MPA): Which Is The Best?",
  author       = "Tim Davidson",
  howpublished = "\url{https://cleancommit.io/blog/spa-vs-mpa-which-is-the-king/}",
  year         = 2023,
  note         = "(Дата обращения: 15.05.2023)"
}

@misc{Tran2022,
  title        = "SPA vs. MPA: Pros, Cons and How To Make Final Choice",
  author       = "Trang Tran",
  howpublished = "\url{https://www.simicart.com/blog/spa-vs-mpa/}",
  year         = 2022,
  note         = "(Дата обращения: 15.05.2023)"
}

@Comment{jabref-meta: databaseType:bibtex;}
